<?xml version="1.0" encoding="UTF-8"?><collection xmlns="http://www.loc.gov/MARC21/slim"><record><leader>00544nam--2200205-u-4500</leader><controlfield tag="001">000051221</controlfield><controlfield tag="002">20161230</controlfield><controlfield tag="005">20161230201049</controlfield><controlfield tag="008">080602s1000------------r-----000-0-eng-d</controlfield><datafield ind1=" " ind2=" " tag="020"><subfield code="a">3-540-41108-9</subfield></datafield><datafield ind1=" " ind2=" " tag="040"><subfield code="a">IFIN-HH</subfield></datafield><datafield ind1=" " ind2=" " tag="080"><subfield code="a">514.764.2</subfield></datafield><datafield ind1="1" ind2=" " tag="100"><subfield code="a">Postnikov,M.M</subfield></datafield><datafield ind1="1" ind2="0" tag="245"><subfield code="a">Geometry VI</subfield><subfield code="b">Riemannian Geometry</subfield><subfield code="c">MM. Postnikov</subfield></datafield><datafield ind1=" " ind2=" " tag="260"><subfield code="a">Berlin</subfield><subfield code="b">Springer</subfield><subfield code="c">2001</subfield></datafield><datafield ind1=" " ind2=" " tag="300"><subfield code="a">503 p</subfield></datafield><datafield ind1=" " ind2=" " tag="490"><subfield code="a">Encyclopaedia of Mathematical Sciences</subfield><subfield code="v">vol. 91</subfield></datafield><datafield ind1="1" ind2=" " tag="700"><subfield code="a">M.M. Postnikov</subfield></datafield><datafield ind1=" " ind2=" " tag="852"><subfield code="a">81461</subfield><subfield code="c">513</subfield></datafield><datafield ind1=" " ind2=" " tag="CAT"><subfield code="a">Sys</subfield><subfield code="c">20080602</subfield><subfield code="h">120559</subfield></datafield></record></collection>